@inproceedings{dozat2017deep,
  title={Deep biaffine attention for neural dependency parsing},
  author={Dozat, Timothy and Manning, Christopher D},
  booktitle={Proceedings of ICLR},
  year={2017},
  address = {Toulon, France}
}

@InProceedings{che-EtAl:2012:STARSEM-SEMEVAL,
  author    = {Che, Wanxiang  and  Zhang, Meishan  and  Shao, Yanqiu  and  Liu, Ting},
  title     = {SemEval-2012 Task 5: Chinese Semantic Dependency Parsing},
  booktitle = {SEM 2012: The First Joint Conference on Lexical and Computational Semantics -- Volume 1: Proceedings of the main conference and the shared task, and Volume 2: Proceedings of the Sixth International Workshop on Semantic Evaluation {(SemEval 2012)}},
  month     = {7-8 June},
  year      = {2012},
  address   = {Montr\'{e}al, Canada},
  publisher = {Association for Computational Linguistics},
  pages     = {378--384}
}

@InProceedings{che-EtAl:2016:SemEval,
  author    = {Che, Wanxiang  and  Shao, Yanqiu  and  Liu, Ting  and  Ding, Yu},
  title     = {SemEval-2016 Task 9: Chinese Semantic Dependency Parsing},
  booktitle = {Proceedings of the 10th International Workshop on Semantic Evaluation (SemEval-2016)},
  month     = {June},
  year      = {2016},
  address   = {San Diego, California},
  publisher = {Association for Computational Linguistics},
  pages     = {1074--1080}
}

@InProceedings{oepen-EtAl:2014:SemEval,
  author    = {Oepen, Stephan  and  Kuhlmann, Marco  and  Miyao, Yusuke  and  Zeman, Daniel  and  Flickinger, Dan  and  Hajic, Jan  and  Ivanova, Angelina  and  Zhang, Yi},
  title     = {SemEval 2014 Task 8: Broad-Coverage Semantic Dependency Parsing},
  booktitle = {Proceedings of the 8th International Workshop on Semantic Evaluation (SemEval 2014)},
  month     = {August},
  year      = {2014},
  address   = {Dublin, Ireland},
  publisher = {Association for Computational Linguistics and Dublin City University},
  pages     = {63--72}
}

@InProceedings{oepen-EtAl:2015:SemEval,
  author    = {Oepen, Stephan  and  Kuhlmann, Marco  and  Miyao, Yusuke  and  Zeman, Daniel  and  Cinkova, Silvie  and  Flickinger, Dan  and  Hajic, Jan  and  Uresova, Zdenka},
  title     = {SemEval 2015 Task 18: Broad-Coverage Semantic Dependency Parsing},
  booktitle = {Proceedings of the 9th International Workshop on Semantic Evaluation (SemEval 2015)},
  month     = {June},
  year      = {2015},
  address   = {Denver, Colorado},
  publisher = {Association for Computational Linguistics},
  pages     = {915--926}
}

@InProceedings{surdeanu-EtAl:2008:CONLL,
  author    = {Surdeanu, Mihai  and  Johansson, Richard  and  Meyers, Adam  and  M\`{a}rquez, Llu\'{\i}s  and  Nivre, Joakim},
  title     = {The CoNLL 2008 Shared Task on Joint Parsing of Syntactic and Semantic Dependencies},
  booktitle = {CoNLL 2008: Proceedings of the Twelfth Conference on Computational Natural Language Learning},
  month     = {August},
  year      = {2008},
  address   = {Manchester, England},
  publisher = {Coling 2008 Organizing Committee},
  pages     = {159--177}
}

@InProceedings{hajivc-EtAl:2009:CoNLL-2009-ST,
  author    = {Haji\v{c}, Jan  and  Ciaramita, Massimiliano  and  Johansson, Richard  and  Kawahara, Daisuke  and  Mart\'{\i}, Maria Ant\`{o}nia  and  M\`{a}rquez, Llu\'{i}s  and  Meyers, Adam  and  Nivre, Joakim  and  Pad\'{o}, Sebastian  and  \v{S}t\v{e}p\'{a}nek, Jan  and  Stra\v{n}\'{a}k, Pavel  and  Surdeanu, Mihai  and  Xue, Nianwen  and  Zhang, Yi},
  title     = {The CoNLL-2009 Shared Task: Syntactic and Semantic Dependencies in Multiple Languages},
  booktitle = {Proceedings of the Thirteenth Conference on Computational Natural Language Learning (CoNLL 2009): Shared Task},
  month     = {June},
  year      = {2009},
  address   = {Boulder, Colorado},
  publisher = {Association for Computational Linguistics},
  pages     = {1--18}
}

@InProceedings{W13-2322,
  author = 	"Banarescu, Laura and Bonial, Claire and Cai, Shu and Georgescu, Madalina and Griffitt, Kira and Hermjakob, Ulf and Knight, Kevin and Koehn, Philipp and Palmer, Martha and Schneider, Nathan",
  title = 	"Abstract Meaning Representation for Sembanking",
  booktitle = 	"Proceedings of the 7th Linguistic Annotation Workshop and Interoperability with Discourse",
  year = 	"2013",
  publisher = 	"Association for Computational Linguistics",
  pages = 	"178--186",
  location = 	"Sofia, Bulgaria",
}

@article{hockenmaier2007ccgbank,
  title={CCGbank: a corpus of CCG derivations and dependency structures extracted from the Penn Treebank},
  author={Hockenmaier, Julia and Steedman, Mark},
  journal={Computational Linguistics},
  volume={33},
  number={3},
  pages={355--396},
  year={2007},
  publisher={MIT Press}
}


@InProceedings{mcdonald-crammer-pereira:2005:ACL,
  author    = {McDonald, Ryan  and  Crammer, Koby  and  Pereira, Fernando},
  title     = {Online Large-Margin Training of Dependency Parsers},
  booktitle = {Proceedings of the 43rd Annual Meeting of the Association for Computational Linguistics (ACL 05)},
  month     = {June},
  year      = {2005},
  address   = {Ann Arbor, Michigan},
  publisher = {Association for Computational Linguistics},
  pages     = {91--98}
}

@inproceedings{yamada2003statistical,
  title	    = {Statistical dependency analysis with support vector machines},
  author    = {Yamada, Hiroyasu and Matsumoto, Yuji},
  booktitle = {Proceedings of IWPT},
  volume    = {3},
  pages     = {195--206},
  year      = {2003},
  address   = {Nancy, France}
}

@inproceedings{sagae2008shift,
  title={Shift-Reduce Dependency DAG Parsing},
  author={Sagae, Kenji and Tsujii, Jun'ichi},
  booktitle={Proceedings of the 22nd International Conference on Computational Linguistics-Volume 1},
  pages={753--760},
  year={2008},
  organization={Association for Computational Linguistics}
}

@inproceedings{kromann2003danish,
  title={The Danish Dependency Treebank and the Underlying Linguistic Theory},
  author={Kromann, Matthias T.},
  booktitle={Proceedings of the Second Workshop on Treebanks and Linguistic Theories (TLT)},
  year={2003},
}

@InProceedings{miyao2005corpus,
author={Miyao, Yusuke and Ninomiya, Takashi and Tsujii, Jun'ichi},
title={Corpus-Oriented Grammar Development for Acquiring a Head-Driven Phrase Structure Grammar from the Penn Treebank},
booktitle={Natural Language Processing -- IJCNLP 2004},
year={2005},
publisher={Springer},
address={Berlin, Heidelberg},
pages="684--693"
}

@inproceedings{Titov:2009:OGP:1661445.1661696,
 author = {Titov, Ivan and Henderson, James and Merlo, Paola and Musillo, Gabriele},
 title = {Online Graph Planarisation for Synchronous Parsing of Semantic and Syntactic Dependencies},
 booktitle = {Proceedings of the 21st International Jont Conference on Artifical Intelligence},
 year = {2009},
 location = {Pasadena, California, USA},
 pages = {1562--1567},
 publisher = {Morgan Kaufmann Publishers Inc.},
 address = {San Francisco, CA, USA}
}

@article{Zhang:2016:TPD:3030588.3030589,
 author = {Zhang, Xun and Du, Yantao and Sun, Weiwei and Wan, Xiaojun},
 title = {Transition-based Parsing for Deep Dependency Structures},
 journal = {Computational Linguistic},
 issue_date = {September 2016},
 volume = {42},
 number = {3},
 year = {2016},
 pages = {353--389},
 publisher = {MIT Press},
 address = {Cambridge, MA, USA}
}

@inproceedings{eisner1996three,
  title={Three new probabilistic models for dependency parsing: An exploration},
  author={Eisner, Jason M},
  booktitle={Proceedings of the 16th conference on Computational linguistics-Volume 1},
  pages={340--345},
  year={1996},
  organization={Association for Computational Linguistics}
}

@inproceedings{mcdonald2006online,
  title={Online learning of approximate dependency parsing algorithms},
  author={McDonald, Ryan and Pereira, Fernando},
  booktitle={11th Conference of the European Chapter of the Association for Computational Linguistics},
  year={2006}
}

@inproceedings{martins2014priberam,
  title={Priberam: A turbo semantic parser with second order features},
  author={Martins, Andr{\'e} FT and Almeida, Mariana SC},
  booktitle={Proceedings of the 8th International Workshop on Semantic Evaluation (SemEval 2014)},
  pages={471--476},
  year={2014}
}

@article{martins2014ad3,
  title={AD3: A Fast Decoder for Structured Prediction},
  author={Martins, Andr{\'e} FT},
  journal={Advanced Structured Prediction. MIT Press, Cambridge, MA, USA},
  year={2014}
}

@InProceedings{peng-thomson-smith:2017:Long,
  author    = {Peng, Hao  and  Thomson, Sam  and  Smith, Noah A.},
  title     = {Deep Multitask Learning for Semantic Dependency Parsing},
  booktitle = {Proceedings of the 55th Annual Meeting of the Association for Computational Linguistics (Volume 1: Long Papers)},
  month     = {July},
  year      = {2017},
  address   = {Vancouver, Canada},
  publisher = {Association for Computational Linguistics},
  pages     = {2037--2048},
}

@article{TACL885,
	author = {Kiperwasser, Eliyahu  and Goldberg, Yoav },
	title = {Simple and Accurate Dependency Parsing Using Bidirectional LSTM Feature Representations},
	journal = {Transactions of the Association for Computational Linguistics},
	volume = {4},
	year = {2016},
	pages = {313--327}
}

@InProceedings{chen2014acl,
  author = 	"Chen, Danqi and Manning, Christopher",
  title = 	"A Fast and Accurate Dependency Parser using Neural Networks",
  booktitle = 	"Proceedings of the 2014 Conference on Empirical Methods in Natural      Language Processing (EMNLP)    ",
  year = 	"2014",
  publisher = 	"Association for Computational Linguistics",
  pages = 	"740--750",
  location = 	"Doha, Qatar"
}

@InProceedings{dyer-EtAl:2015:ACL-IJCNLP,
  author    = {Dyer, Chris  and  Ballesteros, Miguel  and  Ling, Wang  and  Matthews, Austin  and  Smith, Noah A.},
  title     = {Transition-Based Dependency Parsing with Stack Long Short-Term Memory},
  booktitle = {Proceedings of the 53rd Annual Meeting of the Association for Computational Linguistics and the 7th International Joint Conference on Natural Language Processing (Volume 1: Long Papers)},
  month     = {July},
  year      = {2015},
  address   = {Beijing, China},
  publisher = {Association for Computational Linguistics},
  pages     = {334--343}
}

@InProceedings{choi-palmer:2011:ACL-HLT2011,
  author    = {Choi, Jinho D.  and  Palmer, Martha},
  title     = {Getting the Most out of Transition-based Dependency Parsing},
  booktitle = {Proceedings of the 49th Annual Meeting of the Association for Computational Linguistics: Human Language Technologies},
  month     = {June},
  year      = {2011},
  address   = {Portland, Oregon, USA},
  publisher = {Association for Computational Linguistics},
  pages     = {687--692}
}

@InProceedings{choi-mccallum:2013:ACL2013,
  author    = {Choi, Jinho D.  and  McCallum, Andrew},
  title     = {Transition-based Dependency Parsing with Selectional Branching},
  booktitle = {Proceedings of the 51st Annual Meeting of the Association for Computational Linguistics (Volume 1: Long Papers)},
  month     = {August},
  year      = {2013},
  address   = {Sofia, Bulgaria},
  publisher = {Association for Computational Linguistics},
  pages     = {1052--1062}
}

@article{nivre2008algorithms,
  title={Algorithms for deterministic incremental dependency parsing},
  author={Nivre, Joakim},
  journal={Computational Linguistics},
  volume={34},
  number={4},
  pages={513--553},
  year={2008},
  publisher={MIT Press}
}

@inproceedings{nivre-hall-nilsson:2004:CONLL,
  author    = {Nivre, Joakim  and  Hall, Johan  and  Nilsson, Jens},
  title     = {Memory-Based Dependency Parsing},
  booktitle = {HLT-NAACL 2004 Workshop: Eighth Conference on Computational Natural Language Learning (CoNLL-2004) },
  editor = {Hwee Tou Ng and Ellen Riloff},
  year      = 2004,
  month     = {May 6 - May 7},
  address   = {Boston, Massachusetts, USA},
  publisher = {Association for Computational Linguistics},
  pages     = {49--56}
}

@InProceedings{wang-chang:2016:P16-1,
  author    = {Wang, Wenhui  and  Chang, Baobao},
  title     = {Graph-based Dependency Parsing with Bidirectional LSTM},
  booktitle = {Proceedings of the 54th Annual Meeting of the Association for Computational Linguistics (Volume 1: Long Papers)},
  month     = {August},
  year      = {2016},
  address   = {Berlin, Germany},
  publisher = {Association for Computational Linguistics},
  pages     = {2306--2315}
}

@article{kiperwasser2016simple,
	author = {Kiperwasser, Eliyahu  and Goldberg, Yoav },
	title = {Simple and Accurate Dependency Parsing Using Bidirectional LSTM Feature Representations},
	journal = {Transactions of the Association for Computational Linguistics},
	volume = {4},
	year = {2016},
	pages = {313--327}
}

@InProceedings{cross-huang:2016:P16-2,
  author    = {Cross, James  and  Huang, Liang},
  title     = {Incremental Parsing with Minimal Features Using Bi-Directional LSTM},
  booktitle = {Proceedings of the 54th Annual Meeting of the Association for Computational Linguistics (Volume 2: Short Papers)},
  month     = {August},
  year      = {2016},
  address   = {Berlin, Germany},
  publisher = {Association for Computational Linguistics},
  pages     = {32--37}
}

@InProceedings{wang-EtAl:2016:N16-12,
  author    = {Wang, Peilu  and  Qian, Yao  and  Soong, Frank K.  and  He, Lei  and  Zhao, Hai},
  title     = {Learning Distributed Word Representations For Bidirectional LSTM Recurrent Neural Network},
  booktitle = {Proceedings of the 2016 Conference of the North American Chapter of the Association for Computational Linguistics: Human Language Technologies},
  month     = {June},
  year      = {2016},
  address   = {San Diego, California},
  publisher = {Association for Computational Linguistics},
  pages     = {527--533}
}

@InProceedings{cross-huang:2016:EMNLP2016,
  author    = {Cross, James  and  Huang, Liang},
  title     = {Span-Based Constituency Parsing with a Structure-Label System and Provably Optimal Dynamic Oracles},
  booktitle = {Proceedings of the 2016 Conference on Empirical Methods in Natural Language Processing},
  month     = {November},
  year      = {2016},
  address   = {Austin, Texas},
  publisher = {Association for Computational Linguistics},
  pages     = {1--11}
}

@inproceedings{socher2011parsing,
  title={Parsing natural scenes and natural language with recursive neural networks},
  author={Socher, Richard and Lin, Cliff C and Manning, Chris and Ng, Andrew Y},
  booktitle={Proceedings of the 28th international conference on machine learning (ICML-11)},
  pages={129--136},
  year={2011}
}

@InProceedings{collins:2002:EMNLP02,
  author    = {Michael Collins},
  title     = {Discriminative Training Methods for Hidden Markov Models: Theory and Experiments with Perceptron Algorithms},
  booktitle = {Proceedings of the 2002 Conference on Empirical Methods in Natural Language Processing},
  month     = {July},
  year      = {2002},
  publisher = {Association for Computational Linguistics},
  pages     = {1--8}
}

@article{ratnaparkhi1997simple,
  title={A simple introduction to maximum entropy models for natural language processing},
  author={Ratnaparkhi, Adwait},
  journal={IRCS Technical Reports Series},
  pages={81},
  year={1997}
}

@InProceedings{tai-socher-manning:2015:ACL-IJCNLP,
  author    = {Tai, Kai Sheng  and  Socher, Richard  and  Manning, Christopher D.},
  title     = {Improved Semantic Representations From Tree-Structured Long Short-Term Memory Networks},
  booktitle = {Proceedings of the 53rd Annual Meeting of the Association for Computational Linguistics and the 7th International Joint Conference on Natural Language Processing (Volume 1: Long Papers)},
  month     = {July},
  year      = {2015},
  address   = {Beijing, China},
  publisher = {Association for Computational Linguistics},
  pages     = {1556--1566}
}

@InProceedings{ding2014chinese,
author="Ding, Yu and Shao, Yanqiu and Che, Wanxiang and Liu, Ting",
title="Dependency Graph Based Chinese Semantic Parsing",
booktitle="Chinese Computational Linguistics and Natural Language Processing Based on Naturally Annotated Big Data",
year="2014",
publisher="Springer International Publishing",
address="Cham",
pages="58--69",
}

@InProceedings{almeida-martins:2015:SemEval,
  author    = {Almeida, Mariana S. C.  and  Martins, Andr\'{e} F. T.},
  title     = {Lisbon: Evaluating TurboSemanticParser on Multiple Languages and Out-of-Domain Data},
  booktitle = {Proceedings of the 9th International Workshop on Semantic Evaluation (SemEval 2015)},
  month     = {June},
  year      = {2015},
  address   = {Denver, Colorado},
  publisher = {Association for Computational Linguistics},
  pages     = {970--973}
}

@InProceedings{du-EtAl:2015:SemEval,
  author    = {Du, Yantao  and  Zhang, Fan  and  Zhang, Xun  and  Sun, Weiwei  and  Wan, Xiaojun},
  title     = {Peking: Building Semantic Dependency Graphs with a Hybrid Parser},
  booktitle = {Proceedings of the 9th International Workshop on Semantic Evaluation (SemEval 2015)},
  month     = {June},
  year      = {2015},
  address   = {Denver, Colorado},
  publisher = {Association for Computational Linguistics},
  pages     = {927--931}
}

@InProceedings{koo-collins:2010:ACL,
  author    = {Koo, Terry  and  Collins, Michael},
  title     = {Efficient Third-Order Dependency Parsers},
  booktitle = {Proceedings of the 48th Annual Meeting of the Association for Computational Linguistics},
  month     = {July},
  year      = {2010},
  address   = {Uppsala, Sweden},
  publisher = {Association for Computational Linguistics},
  pages     = {1--11}
}

@InProceedings{dozat-qi-manning:2017:K17-3,
  author    = {Dozat, Timothy  and  Qi, Peng  and  Manning, Christopher D.},
  title     = {Stanford's Graph-based Neural Dependency Parser at the CoNLL 2017 Shared Task},
  booktitle = {Proceedings of the CoNLL 2017 Shared Task: Multilingual Parsing from Raw Text to Universal Dependencies},
  month     = {August},
  year      = {2017},
  address   = {Vancouver, Canada},
  publisher = {Association for Computational Linguistics},
  pages     = {20--30}
}

@InProceedings{zeman-EtAl:2017:K17-3,
  author    = {Zeman, Daniel  and  Popel, Martin  and  Straka, Milan  and  Hajic, Jan  and  Nivre, Joakim  and  Ginter, Filip  and  Luotolahti, Juhani  and  Pyysalo, Sampo  and  Petrov, Slav  and  Potthast, Martin  and  Tyers, Francis  and  Badmaeva, Elena  and  Gokirmak, Memduh  and  Nedoluzhko, Anna  and  Cinkova, Silvie  and  Hajic jr., Jan  and  Hlavacova, Jaroslava  and  Kettnerov\'{a}, V\'{a}clava  and  Uresova, Zdenka  and  Kanerva, Jenna  and  Ojala, Stina  and  Missil\"{a}, Anna  and  Manning, Christopher D.  and  Schuster, Sebastian  and  Reddy, Siva  and  Taji, Dima  and  Habash, Nizar  and  Leung, Herman  and  de Marneffe, Marie-Catherine  and  Sanguinetti, Manuela  and  Simi, Maria  and  Kanayama, Hiroshi  and  dePaiva, Valeria  and  Droganova, Kira  and  Mart\'{i}nez Alonso, H\'{e}ctor  and  \c{C}\"{o}ltekin, \c{C}a\u{g}r谋  and  Sulubacak, Umut  and  Uszkoreit, Hans  and  Macketanz, Vivien  and  Burchardt, Aljoscha  and  Harris, Kim  and  Marheinecke, Katrin  and  Rehm, Georg  and  Kayadelen, Tolga  and  Attia, Mohammed  and  Elkahky, Ali  and  Yu, Zhuoran  and  Pitler, Emily  and  Lertpradit, Saran  and  Mandl, Michael  and  Kirchner, Jesse  and  Alcalde, Hector Fernandez  and  Strnadov\'{a}, Jana  and  Banerjee, Esha  and  Manurung, Ruli  and  Stella, Antonio  and  Shimada, Atsuko  and  Kwak, Sookyoung  and  Mendonca, Gustavo  and  Lando, Tatiana  and  Nitisaroj, Rattima  and  Li, Josie},
  title     = {CoNLL 2017 Shared Task: Multilingual Parsing from Raw Text to Universal Dependencies},
  booktitle = {Proceedings of the CoNLL 2017 Shared Task: Multilingual Parsing from Raw Text to Universal Dependencies},
  month     = {August},
  year      = {2017},
  address   = {Vancouver, Canada},
  publisher = {Association for Computational Linguistics},
  pages     = {1--19}
}

@InProceedings{martins-almeida-smith:2013:Short,
  author    = {Martins, Andre  and  Almeida, Miguel  and  Smith, Noah A.},
  title     = {Turning on the Turbo: Fast Third-Order Non-Projective Turbo Parsers},
  booktitle = {Proceedings of the 51st Annual Meeting of the Association for Computational Linguistics (Volume 2: Short Papers)},
  month     = {August},
  year      = {2013},
  address   = {Sofia, Bulgaria},
  publisher = {Association for Computational Linguistics},
  pages     = {617--622}
}

@InProceedings{che-EtAl:2017:K17-3,
  author    = {Che, Wanxiang  and  Guo, Jiang  and  Wang, Yuxuan  and  Zheng, Bo  and  Zhao, Huaipeng  and  Liu, Yang  and  Teng, Dechuan  and  Liu, Ting},
  title     = {The HIT-SCIR System for End-to-End Parsing of Universal Dependencies},
  booktitle = {Proceedings of the CoNLL 2017 Shared Task: Multilingual Parsing from Raw Text to Universal Dependencies},
  month     = {August},
  year      = {2017},
  address   = {Vancouver, Canada},
  publisher = {Association for Computational Linguistics},
  pages     = {52--62}
}

@InProceedings{kuncoro-EtAl:2016:EMNLP2016,
  author    = {Kuncoro, Adhiguna  and  Ballesteros, Miguel  and  Kong, Lingpeng  and  Dyer, Chris  and  Smith, Noah A.},
  title     = {Distilling an Ensemble of Greedy Dependency Parsers into One MST Parser},
  booktitle = {Proceedings of the 2016 Conference on Empirical Methods in Natural Language Processing},
  month     = {November},
  year      = {2016},
  address   = {Austin, Texas},
  publisher = {Association for Computational Linguistics},
  pages     = {1744--1753}
}

@incollection{wang2016transition,
  title={Transition-Based Chinese Semantic Dependency Graph Parsing},
  author={Wang, Yuxuan and Guo, Jiang and Che, Wanxiang and Liu, Ting},
  booktitle={Chinese Computational Linguistics and Natural Language Processing Based on Naturally Annotated Big Data},
  pages={12--24},
  year={2016},
  publisher={Springer}
}

@inproceedings{lee2017ensemble,
  title={Ensemble deep learning for skeleton-based action recognition using temporal sliding LSTM networks},
  author={Lee, Inwoong and Kim, Doyoung and Kang, Seoungyoon and Lee, Sanghoon},
  booktitle={2017 IEEE International Conference on Computer Vision (ICCV)},
  pages={1012--1020},
  year={2017},
  organization={IEEE}
}

@incollection{caruana1998multitask,
  title={Multitask learning},
  author={Caruana, Rich},
  booktitle={Learning to learn},
  pages={95--133},
  year={1998},
  publisher={Springer}
}

@InProceedings{li-EtAl:2011:EMNLP3,
  author    = {Li, Zhenghua  and  Zhang, Min  and  Che, Wanxiang  and  Liu, Ting  and  Chen, Wenliang  and  Li, Haizhou},
  title     = {Joint Models for Chinese POS Tagging and Dependency Parsing},
  booktitle = {Proceedings of the 2011 Conference on Empirical Methods in Natural Language Processing},
  month     = {July},
  year      = {2011},
  address   = {Edinburgh, Scotland, UK.},
  publisher = {Association for Computational Linguistics},
  pages     = {1180--1191}
}

@InProceedings{hatori-EtAl:2012:ACL2012,
  author    = {Hatori, Jun  and  Matsuzaki, Takuya  and  Miyao, Yusuke  and  Tsujii, Jun'ichi},
  title     = {Incremental Joint Approach to Word Segmentation, POS Tagging, and Dependency Parsing in Chinese},
  booktitle = {Proceedings of the 50th Annual Meeting of the Association for Computational Linguistics (Volume 1: Long Papers)},
  month     = {July},
  year      = {2012},
  address   = {Jeju Island, Korea},
  publisher = {Association for Computational Linguistics},
  pages     = {1045--1053}
}

@InProceedings{bohnet-nivre:2012:EMNLP-CoNLL,
  author    = {Bohnet, Bernd  and  Nivre, Joakim},
  title     = {A Transition-Based System for Joint Part-of-Speech Tagging and Labeled Non-Projective Dependency Parsing},
  booktitle = {Proceedings of the 2012 Joint Conference on Empirical Methods in Natural Language Processing and Computational Natural Language Learning},
  month     = {July},
  year      = {2012},
  address   = {Jeju Island, Korea},
  publisher = {Association for Computational Linguistics},
  pages     = {1455--1465}
}

@article{ando2005framework,
  title={A framework for learning predictive structures from multiple tasks and unlabeled data},
  author={Ando, Rie Kubota and Zhang, Tong},
  journal={Journal of Machine Learning Research},
  volume={6},
  number={Nov},
  pages={1817--1853},
  year={2005}
}

@inproceedings{Collobert:2008:UAN:1390156.1390177,
 author = {Collobert, Ronan and Weston, Jason},
 title = {A Unified Architecture for Natural Language Processing: Deep Neural Networks with Multitask Learning},
 booktitle = {Proceedings of the 25th International Conference on Machine Learning},
 year = {2008},
 location = {Helsinki, Finland},
 pages = {160--167},
 publisher = {ACM},
 address = {New York, NY, USA},
}

@inproceedings{luong2015iclr,
author = {Luong, Minh-Thang and V. Le, Quoc and Sutskever, Ilya and Vinyals, Oriol and Kaiser, Lukasz},
year = {2015},
month = {11},
pages = {},
title = {Multi-task Sequence to Sequence Learning},
address = {San Juan, Puerto Rico},
booktitle = {Proceedings of ICLR}
}

@InProceedings{guo2016coling,
  author = 	"Guo, Jiang
		and Che, Wanxiang
		and Wang, Haifeng
		and Liu, Ting",
  title = 	"A Universal Framework for Inductive Transfer Parsing across Multi-typed Treebanks",
  booktitle = 	"Proceedings of COLING 2016, the 26th International Conference on Computational Linguistics: Technical Papers",
  year = 	"2016",
  publisher = 	"The COLING 2016 Organizing Committee",
  pages = 	"12--22",
  location = 	"Osaka, Japan"
}

@InProceedings{guo-EtAl:2015:ACL-IJCNLP2,
  author    = {Guo, Jiang  and  Che, Wanxiang  and  Yarowsky, David  and  Wang, Haifeng  and  Liu, Ting},
  title     = {Cross-lingual Dependency Parsing Based on Distributed Representations},
  booktitle = {Proceedings of the 53rd Annual Meeting of the Association for Computational Linguistics and the 7th International Joint Conference on Natural Language Processing (Volume 1: Long Papers)},
  month     = {July},
  year      = {2015},
  address   = {Beijing, China},
  publisher = {Association for Computational Linguistics},
  pages     = {1234--1244}
}

@inproceedings{guo2016aaai,
 author = {Guo, Jiang and Che, Wanxiang and Yarowsky, David and Wang, Haifeng and Liu, Ting},
 title = {A Representation Learning Framework for Multi-source Transfer Parsing},
 booktitle = {Proceedings of the Thirtieth AAAI Conference on Artificial Intelligence},
 series = {AAAI'16},
 year = {2016},
 location = {Phoenix, Arizona},
 pages = {2734--2740},
 publisher = {AAAI Press},
}

@inproceedings{choi2011transition,
  title={Transition-based semantic role labeling using predicate argument clustering},
  author={Choi, Jinho D and Palmer, Martha},
  booktitle={Proceedings of the ACL 2011 Workshop on Relational Models of Semantics},
  pages={37--45},
  year={2011},
  organization={Association for Computational Linguistics}
}

@InProceedings{ballesteros-dyer-smith:2015:EMNLP,
  author    = {Ballesteros, Miguel  and  Dyer, Chris  and  Smith, Noah A.},
  title     = {Improved Transition-based Parsing by Modeling Characters instead of Words with LSTMs},
  booktitle = {Proceedings of the 2015 Conference on Empirical Methods in Natural Language Processing},
  month     = {September},
  year      = {2015},
  address   = {Lisbon, Portugal},
  publisher = {Association for Computational Linguistics},
  pages     = {349--359}
}

